<record><leader>00000cas a22000007a 4500</leader><controlfield tag="001">14583534</controlfield><controlfield tag="008">861031d18331898pauwr ne      0    0eng d</controlfield><datafield ind1=" " ind2=" " tag="010"><subfield code="a">sn 86081945 </subfield></datafield><datafield ind1=" " ind2=" " tag="040"><subfield code="a">NPH</subfield><subfield code="b">eng</subfield><subfield code="c">NPH</subfield><subfield code="d">OCLCQ</subfield></datafield><datafield ind1=" " ind2=" " tag="042"><subfield code="a">msc</subfield></datafield><datafield ind1="0" ind2="4" tag="245"><subfield code="a">The Sunday news dealer.</subfield></datafield><datafield ind1="1" ind2="3" tag="246"><subfield code="a">News-dealer</subfield></datafield><datafield ind1=" " ind2=" " tag="260"><subfield code="a">Wilkes-Barre, Pa. :</subfield><subfield code="b">J.C. Coon &amp; Co.,</subfield><subfield code="c">-1898.</subfield></datafield><datafield ind1=" " ind2=" " tag="300"><subfield code="a">v. :</subfield><subfield code="b">ill.</subfield></datafield><datafield ind1=" " ind2=" " tag="310"><subfield code="a">Weekly</subfield></datafield><datafield ind1="1" ind2=" " tag="362"><subfield code="a">Began with Oct. 15, 1883 issue?</subfield></datafield><datafield ind1="0" ind2=" " tag="362"><subfield code="a">-Dec. 25, 1898.</subfield></datafield><datafield ind1=" " ind2=" " tag="500"><subfield code="a">Also published in Pittston, Pa.</subfield></datafield><datafield ind1=" " ind2=" " tag="515"><subfield code="a">Issues for -Dec. 25, 1898 called also -v. 14.</subfield></datafield><datafield ind1=" " ind2=" " tag="530"><subfield code="a">Also issued on microfilm from Micro Photo Div. of Bell and Howell.</subfield></datafield><datafield ind1=" " ind2=" " tag="580"><subfield code="a">Also issued in a weekly edition called: Dollar weekly news dealer, and in a daily edition called: Daily news dealer, Oct. 15, 1883-June 8, 1894; Wilkes-Barre daily news-dealer, June 9-Nov. 26, 1894; News-dealer, Nov. 27, 1884-Mar. 2, 1898; Daily news dealer (Wilkes-Barre, Pa. : 1898) Mar. 3-June 24, 1898; Wilkes-Barre daily news dealer (Wilkes-Barre, Pa. : 1898), June 25-Dec. 25, 1898.</subfield></datafield><datafield ind1=" " ind2=" " tag="588"><subfield code="a">Description based on: Vol. 7, no. 1 (June 1, 1884).</subfield></datafield><datafield ind1=" " ind2=" " tag="752"><subfield code="a">United States</subfield><subfield code="b">Pennsylvania</subfield><subfield code="c">Luzerne</subfield><subfield code="d">Wilkes-Barre.</subfield></datafield><datafield ind1=" " ind2=" " tag="752"><subfield code="a">United States</subfield><subfield code="b">Pennsylvania</subfield><subfield code="c">Luzerne</subfield><subfield code="d">Pittston.</subfield></datafield><datafield ind1="1" ind2=" " tag="775"><subfield code="t">Dollar weekly news dealer</subfield></datafield><datafield ind1="1" ind2=" " tag="775"><subfield code="t">Daily news-dealer (Wilkes-Barre, Pa. : 1877)</subfield><subfield code="w">(DLC)sn 86081939</subfield></datafield><datafield ind1="1" ind2=" " tag="775"><subfield code="t">Wilkes-Barre daily news-dealer (Wilkes-Barre, Pa. : 1894)</subfield><subfield code="w">(DLC)sn 86081940</subfield></datafield><datafield ind1="1" ind2=" " tag="775"><subfield code="t">News dealer</subfield><subfield code="w">(DLC)sn 86081941</subfield></datafield><datafield ind1="1" ind2=" " tag="775"><subfield code="t">Daily news dealer (Wilkes-Barre, Pa. : 1898)</subfield><subfield code="w">(DLC)sn 86081942</subfield></datafield><datafield ind1="1" ind2=" " tag="775"><subfield code="t">Wilkes-Barre daily news dealer (Wilkes-Barre, Pa. : 1898)</subfield><subfield code="w">(DLC)sn 86081943</subfield></datafield><datafield ind1="0" ind2="0" tag="785"><subfield code="t">Sunday news (Wilkes-Barre, Pa.)</subfield><subfield code="w">(DLC)sn 86081946</subfield></datafield></record>